{
  "leader": "02230cam a22003611i 4500",
  "fields": [
    {
      "001": "ocm01264854\\"
    },
    {
      "003": "OCoLC"
    },
    {
      "005": "20220103105458.0"
    },
    {
      "008": "750409s1958\\\\\\\\nyua\\\\\\\\\\b\\\\\\\\000\\0\\eng\\\\"
    },
    {
      "010": {
        "ind1": "\\",
        "ind2": "\\",
        "subfields": [
          {
            "a": "   58013081 "
          }
        ]
      }
    },
    {
      "040": {
        "ind1": "\\",
        "ind2": "\\",
        "subfields": [
          {
            "a": "DLC"
          },
          {
            "b": "eng"
          },
          {
            "e": "rda"
          },
          {
            "c": "ORL"
          },
          {
            "d": "DLC"
          },
          {
            "d": "BUF"
          },
          {
            "d": "MUQ"
          },
          {
            "d": "BTCTA"
          },
          {
            "d": "OCLCG"
          },
          {
            "d": "OCLCF"
          },
          {
            "d": "OCLCO"
          },
          {
            "d": "OCLCQ"
          },
          {
            "d": "OCLCO"
          },
          {
            "d": "IHI"
          },
          {
            "d": "OCLCO"
          }
        ]
      }
    },
    {
      "035": {
        "ind1": "\\",
        "ind2": "\\",
        "subfields": [
          {
            "a": "(OCoLC)1264854"
          }
        ]
      }
    },
    {
      "043": {
        "ind1": "\\",
        "ind2": "\\",
        "subfields": [
          {
            "a": "cl-----"
          }
        ]
      }
    },
    {
      "050": {
        "ind1": "0",
        "ind2": "0",
        "subfields": [
          {
            "a": "F1408.3"
          },
          {
            "b": ".C674"
          }
        ]
      }
    },
    {
      "082": {
        "ind1": "0",
        "ind2": "4",
        "subfields": [
          {
            "a": "918"
          },
          {
            "b": "CON"
          }
        ]
      }
    },
    {
      "100": {
        "ind1": "1",
        "ind2": "\\",
        "subfields": [
          {
            "a": "Considine, John Joseph,"
          },
          {
            "d": "1897-1982,"
          },
          {
            "e": "author."
          }
        ]
      }
    },
    {
      "245": {
        "ind1": "1",
        "ind2": "0",
        "subfields": [
          {
            "a": "New horizons in Latin America /"
          },
          {
            "c": "by John J. Considine."
          }
        ]
      }
    },
    {
      "264": {
        "ind1": "\\",
        "ind2": "1",
        "subfields": [
          {
            "a": "New York :"
          },
          {
            "b": "Dodd, Mead,"
          },
          {
            "c": "1958."
          }
        ]
      }
    },
    {
      "300": {
        "ind1": "\\",
        "ind2": "\\",
        "subfields": [
          {
            "a": "xvi, 379 pages :"
          },
          {
            "b": "illustrations ;"
          },
          {
            "c": "22 cm"
          }
        ]
      }
    },
    {
      "336": {
        "ind1": "\\",
        "ind2": "\\",
        "subfields": [
          {
            "a": "text"
          },
          {
            "b": "txt"
          },
          {
            "2": "rdacontent"
          }
        ]
      }
    },
    {
      "337": {
        "ind1": "\\",
        "ind2": "\\",
        "subfields": [
          {
            "a": "unmediated"
          },
          {
            "b": "n"
          },
          {
            "2": "rdamedia"
          }
        ]
      }
    },
    {
      "338": {
        "ind1": "\\",
        "ind2": "\\",
        "subfields": [
          {
            "a": "volume"
          },
          {
            "b": "nc"
          },
          {
            "2": "rdacarrier"
          }
        ]
      }
    },
    {
      "504": {
        "ind1": "\\",
        "ind2": "\\",
        "subfields": [
          {
            "a": "Includes bibliographical references."
          }
        ]
      }
    },
    {
      "505": {
        "ind1": "0",
        "ind2": "0",
        "subfields": [
          {
            "t": "Introduction: The road to the real Latin America --"
          },
          {
            "g": "sect. 1."
          },
          {
            "t": "Brazil, the colossus:"
          },
          {
            "t": "Dona Salette and her people --"
          },
          {
            "t": "From Cabral to tomorrow --"
          },
          {
            "t": "Three men in Sa\u0303o Paulo --"
          },
          {
            "t": "Tribal gods in Catholic Bahia --"
          },
          {
            "t": "World of the cattle range --"
          },
          {
            "t": "Where man is the rarest animal --"
          },
          {
            "g": "sect. 2."
          },
          {
            "t": "Lands of the South:"
          },
          {
            "t": "New day for the Argentines --"
          },
          {
            "t": "The minority in Uruguay --"
          },
          {
            "t": "Not quite paradise --"
          },
          {
            "t": "The fight for the Chilean worker --"
          },
          {
            "g": "sect. 3."
          },
          {
            "t": "World of the Andes:"
          },
          {
            "t": "Soul and body in Bolivia --"
          },
          {
            "t": "The voyage of El Hermanito --"
          },
          {
            "t": "The Indian Corridor of the High Andes --"
          },
          {
            "t": "Lima and the Catholic continent --"
          },
          {
            "t": "Colombia's voice of freedom --"
          },
          {
            "g": "sect. 4."
          },
          {
            "t": "The rise of Protestantism:"
          },
          {
            "t": "The rise of Protestantism in Latin America --"
          },
          {
            "t": "South American Protestantism --"
          },
          {
            "t": "Middle American Protestantism --"
          },
          {
            "g": "sect. 5."
          },
          {
            "t": "Vignettes of middle America:"
          },
          {
            "t": "Knock on any door --"
          },
          {
            "t": "The Mayan without his priest --"
          },
          {
            "t": "The red blood of leadership."
          }
        ]
      }
    },
    {
      "651": {
        "ind1": "\\",
        "ind2": "0",
        "subfields": [
          {
            "a": "Latin America"
          },
          {
            "x": "Civilization."
          }
        ]
      }
    },
    {
      "651": {
        "ind1": "\\",
        "ind2": "0",
        "subfields": [
          {
            "a": "Latin America"
          },
          {
            "x": "Religion."
          }
        ]
      }
    },
    {
      "650": {
        "ind1": "\\",
        "ind2": "7",
        "subfields": [
          {
            "a": "Civilization."
          },
          {
            "2": "fast"
          },
          {
            "0": "(OCoLC)fst00862898"
          }
        ]
      }
    },
    {
      "650": {
        "ind1": "\\",
        "ind2": "7",
        "subfields": [
          {
            "a": "Religion."
          },
          {
            "2": "fast"
          },
          {
            "0": "(OCoLC)fst01093763"
          }
        ]
      }
    },
    {
      "651": {
        "ind1": "\\",
        "ind2": "7",
        "subfields": [
          {
            "a": "Latin America."
          },
          {
            "2": "fast"
          },
          {
            "0": "(OCoLC)fst01245945"
          }
        ]
      }
    },
    {
      "776": {
        "ind1": "0",
        "ind2": "8",
        "subfields": [
          {
            "i": "Online version:"
          },
          {
            "a": "Considine, John Joseph, 1897-1982."
          },
          {
            "t": "New horizons in Latin America."
          },
          {
            "d": "New York, Dodd, Mead, 1958"
          },
          {
            "w": "(OCoLC)656805986"
          }
        ]
      }
    },
    {
      "994": {
        "ind1": "\\",
        "ind2": "\\",
        "subfields": [
          {
            "a": "Z0"
          },
          {
            "b": "NYRVC"
          }
        ]
      }
    },
    {
      "948": {
        "ind1": "\\",
        "ind2": "\\",
        "subfields": [
          {
            "h": "NO HOLDINGS IN NYRVC - 543 OTHER HOLDINGS"
          }
        ]
      }
    },
    {
      "999": {
        "ind1": "\\",
        "ind2": "\\",
        "subfields": [
          {
            "a": "00000000015035"
          }
        ]
      }
    }
  ]
}